<record><leader>00000cas a2200000 a 4500</leader><controlfield tag="001">19106624</controlfield><controlfield tag="008">890206c191u9999tnuwr ne      0    0eng d</controlfield><datafield ind1=" " ind2=" " tag="010"><subfield code="a">sn 89058029 </subfield></datafield><datafield ind1=" " ind2=" " tag="040"><subfield code="a">KNP</subfield><subfield code="b">eng</subfield><subfield code="c">KNP</subfield><subfield code="d">SLU</subfield><subfield code="d">TGN</subfield><subfield code="d">OCL</subfield><subfield code="d">OCLCQ</subfield><subfield code="d">OCLCF</subfield><subfield code="d">OCLCO</subfield></datafield><datafield ind1="1" ind2=" " tag="029"><subfield code="a">AU@</subfield><subfield code="b">000020544754</subfield></datafield><datafield ind1=" " ind2=" " tag="037"><subfield code="b">Enterprise Print. Co., 203 S. Church St., Livingston, TN 38570</subfield></datafield><datafield ind1=" " ind2=" " tag="042"><subfield code="a">msc</subfield></datafield><datafield ind1=" " ind2=" " tag="043"><subfield code="a">n-us-tn</subfield></datafield><datafield ind1="0" ind2=" " tag="130"><subfield code="a">Livingston enterprise (Livingston, Tenn.)</subfield></datafield><datafield ind1="1" ind2="0" tag="245"><subfield code="a">Livingston enterprise.</subfield></datafield><datafield ind1=" " ind2=" " tag="260"><subfield code="a">Livingston, Tenn. :</subfield><subfield code="b">Enterprise Pub. Co.</subfield></datafield><datafield ind1=" " ind2=" " tag="300"><subfield code="a">v. :</subfield><subfield code="b">ill.</subfield></datafield><datafield ind1=" " ind2=" " tag="310"><subfield code="a">Weekly</subfield></datafield><datafield ind1=" " ind2=" " tag="588"><subfield code="a">Description based on: Vol. 23, no. 10 (Mar. 10, 1915).</subfield></datafield><datafield ind1=" " ind2="0" tag="651"><subfield code="a">Livingston (Tenn.)</subfield><subfield code="v">Newspapers.</subfield></datafield><datafield ind1=" " ind2="0" tag="651"><subfield code="a">Overton County (Tenn.)</subfield><subfield code="v">Newspapers.</subfield></datafield><datafield ind1=" " ind2="7" tag="655"><subfield code="a">Newspapers.</subfield><subfield code="2">fast</subfield><subfield code="0">(OCoLC)fst01423814</subfield></datafield><datafield ind1=" " ind2="7" tag="651"><subfield code="a">Tennessee</subfield><subfield code="z">Livingston.</subfield><subfield code="2">fast</subfield><subfield code="0">(OCoLC)fst01224703</subfield></datafield><datafield ind1=" " ind2="7" tag="651"><subfield code="a">Tennessee</subfield><subfield code="z">Overton County.</subfield><subfield code="2">fast</subfield><subfield code="0">(OCoLC)fst01205712</subfield></datafield><datafield ind1=" " ind2=" " tag="752"><subfield code="a">United States</subfield><subfield code="b">Tennessee</subfield><subfield code="c">Overton</subfield><subfield code="d">Livingston.</subfield></datafield><datafield ind1="0" ind2="0" tag="780"><subfield code="t">Enterprise (Livingston, Tenn.)</subfield><subfield code="w">(DLC)sn 89058032</subfield></datafield><datafield ind1="0" ind2="5" tag="780"><subfield code="t">Clay County courier (Celina, Tenn.)</subfield><subfield code="g">Aug. 31, 1928</subfield><subfield code="w">(DLC)sn 89058028</subfield></datafield></record>